<?xml version="1.0"?>
<marc:records xmlns:marc="http://www.loc.gov/MARC21/slim" xmlns:xsi="http://www.w3.org/2001/XMLSchema-instance" xsi:schemaLocation="http://www.loc.gov/MARC21/slim http://www.loc.gov/standards/marcxml/schema/MARC21slim.xsd">
  <marc:record>
    <marc:leader>05159ntm a2200529Ia 4500</marc:leader>
    <marc:controlfield tag="001">9977507852603681</marc:controlfield>
    <marc:controlfield tag="005">20191112163400.0</marc:controlfield>
    <marc:controlfield tag="008">190730q18801899mr            000 0 heb d</marc:controlfield>
    <marc:datafield ind1=" " ind2=" " tag="035">
  <marc:subfield code="a">(OCoLC)1110619827</marc:subfield>
</marc:datafield>
    <marc:datafield ind1=" " ind2=" " tag="035">
  <marc:subfield code="a">(OCoLC)on1110619827</marc:subfield>
</marc:datafield>
    <marc:datafield ind1=" " ind2=" " tag="040">
  <marc:subfield code="a">PAU</marc:subfield>
  <marc:subfield code="b">eng</marc:subfield>
  <marc:subfield code="c">PAU</marc:subfield>
  <marc:subfield code="e">dacs</marc:subfield>
</marc:datafield>
    <marc:datafield ind1="0" ind2=" " tag="041">
  <marc:subfield code="a">heb</marc:subfield>
  <marc:subfield code="a">jrb</marc:subfield>
</marc:datafield>
    <marc:datafield ind1=" " ind2="9" tag="099">
  <marc:subfield code="a">CAJS Rar Ms 509</marc:subfield>
</marc:datafield>
    <marc:datafield ind1="0" ind2="0" tag="245">
  <marc:subfield code="6">880-01</marc:subfield>
  <marc:subfield code="a">Piyut&#x323;im ketav yad,</marc:subfield>
  <marc:subfield code="f">approximately 1880.</marc:subfield>
</marc:datafield>
    <marc:datafield ind1=" " ind2=" " tag="300">
  <marc:subfield code="a">194 leaves :</marc:subfield>
  <marc:subfield code="b">paper ;</marc:subfield>
  <marc:subfield code="c">163 x 91 (135 x 85) mm bound to 169 x 100 mm.</marc:subfield>
</marc:datafield>
    <marc:datafield ind1=" " ind2=" " tag="520">
  <marc:subfield code="a">This is a manuscript of collected Hebrew poetry, or piyutim, from the Moroccan tradition of piyut. Many of the poems are written by David &#x2BB;Amar (a 19th century Moroccan paytan), as evidenced by his name appearing in acrostic forms (such as the poem &#x2BB;Idan duh&#x323;k&#x323;ah, which has a bold title of Dav&#x323;id [&#x2BB;Amar] h&#x323;azak&#x323;, f. 95v-96r); likely, the manuscript was written over a period of time. It appears as if the manuscript was meant as a source of Moroccan and even Casablanca piyut; other authors mentioned include Mas&#x2BB;ud (or Massoud) h&#x323;azak&#x323;, who wrote Piyut&#x323; ha-RaSh.b.I. (after Shimon bar Yoh&#x323;ai, f. 94v-95r); Ya&#x2BB;ak&#x323;ov ha-levi, writing a poem in honor of R. Yitsh&#x323;ak&#x323; Nahon (f. 56v-7v; he lived in Tetouan, Morocco, in the 19th century); a poem in honor of R. &#x2BB;Amram ibn Dayan (and naming him as the same as Amram ben Diwan, a cabalist and emissary for the settlement in Jerusalem (Jerusalem 1740 - Ouazzane 1782, f. 151r-151v); and a piyut by "Shelomoh" for the coming of the Messiah (f. 178r-178v). Written in a Moroccan cursive script with headings and highlighted words in square script; the bulk of the manuscript was written in ink (f. 1r-179r) and the end written in pencil (f. 179v-194v). The folios are commercial lined paper and are yellowed and brittle; the volume is bound in boards with a deteriorating brown-leather spine, likely original. Written in Morocco, likely in Casablanca. There is a table of contents in the beginning (f. 1r-4r) and at the end (f. 182r-194v).</marc:subfield>
</marc:datafield>
    <marc:datafield ind1=" " ind2=" " tag="524">
  <marc:subfield code="a">UPenn CAJS Rar Ms 509.</marc:subfield>
</marc:datafield>
    <marc:datafield ind1=" " ind2=" " tag="546">
  <marc:subfield code="a">In Hebrew, with some passages in Judeo-Arabic (f. 4v, 178r-178v).</marc:subfield>
</marc:datafield>
    <marc:datafield ind1="1" ind2=" " tag="561">
  <marc:subfield code="a">Formerly owned by Zakhuv Ya&#x2BB;ak&#x323;ov V&#x323;izman, son of Rabbi Khalifah, of Casablanca (inscription inside front board, f.4v).</marc:subfield>
</marc:datafield>
    <marc:datafield ind1="1" ind2=" " tag="561">
  <marc:subfield code="a">Formerly owned by Avraham ben &#x2BB;Alon (inscription dated 1928, f. 4v).</marc:subfield>
</marc:datafield>
    <marc:datafield ind1="1" ind2=" " tag="561">
  <marc:subfield code="a">Formerly owned by Elie Hazote, Casablanca (stamp inside front board; approximately 1940).</marc:subfield>
</marc:datafield>
    <marc:datafield ind1="1" ind2=" " tag="561">
  <marc:subfield code="a">Sold by Mizrahi Bookstore (Brooklyn, N.Y.), 2019.</marc:subfield>
</marc:datafield>
    <marc:datafield ind1=" " ind2=" " tag="590">
  <marc:subfield code="a">Acquired for the Penn Libraries with assistance from the Elis &amp; Ruth Douer Endowed Fund.</marc:subfield>
</marc:datafield>
    <marc:datafield ind1="1" ind2="0" tag="600">
  <marc:subfield code="6">880-02</marc:subfield>
  <marc:subfield code="a">Nahon, Yitsh&#x323;ak&#x323;,</marc:subfield>
  <marc:subfield code="d">19th century.</marc:subfield>
</marc:datafield>
    <marc:datafield ind1="0" ind2="0" tag="600">
  <marc:subfield code="6">880-03</marc:subfield>
  <marc:subfield code="a">&#x2BB;Amram ben Div&#x323;an,</marc:subfield>
  <marc:subfield code="d">1739 or 1740-1781.</marc:subfield>
</marc:datafield>
    <marc:datafield ind1=" " ind2="0" tag="650">
  <marc:subfield code="a">Jewish religious poetry, Hebrew.</marc:subfield>
</marc:datafield>
    <marc:datafield ind1=" " ind2="0" tag="650">
  <marc:subfield code="a">Piyutim.</marc:subfield>
</marc:datafield>
    <marc:datafield ind1=" " ind2="0" tag="650">
  <marc:subfield code="a">Jews</marc:subfield>
  <marc:subfield code="z">Morocco</marc:subfield>
  <marc:subfield code="z">Casablanca</marc:subfield>
  <marc:subfield code="x">History</marc:subfield>
  <marc:subfield code="v">Sources.</marc:subfield>
</marc:datafield>
    <marc:datafield ind1=" " ind2="7" tag="655">
  <marc:subfield code="a">Poems.</marc:subfield>
  <marc:subfield code="2">aat</marc:subfield>
</marc:datafield>
    <marc:datafield ind1=" " ind2="7" tag="655">
  <marc:subfield code="a">Codices (bound manuscripts)</marc:subfield>
  <marc:subfield code="2">aat</marc:subfield>
</marc:datafield>
    <marc:datafield ind1=" " ind2="7" tag="655">
  <marc:subfield code="a">Manuscripts, Hebrew</marc:subfield>
  <marc:subfield code="y">19th century.</marc:subfield>
  <marc:subfield code="2">local</marc:subfield>
</marc:datafield>
    <marc:datafield ind1=" " ind2="7" tag="655">
  <marc:subfield code="a">Manuscripts, Judeo-Arabic</marc:subfield>
  <marc:subfield code="y">19th century.</marc:subfield>
  <marc:subfield code="2">local</marc:subfield>
</marc:datafield>
    <marc:datafield ind1="1" ind2=" " tag="700">
  <marc:subfield code="6">880-04</marc:subfield>
  <marc:subfield code="a">Amar, D. A.</marc:subfield>
</marc:datafield>
    <marc:datafield ind1="0" ind2=" " tag="700">
  <marc:subfield code="6">880-05</marc:subfield>
  <marc:subfield code="a">Mas&#x2BB;ud h&#x323;azak&#x323;.</marc:subfield>
  <marc:subfield code="t">Piyut&#x323; ha-RaSh.b.I.</marc:subfield>
</marc:datafield>
    <marc:datafield ind1="0" ind2=" " tag="700">
  <marc:subfield code="6">880-06</marc:subfield>
  <marc:subfield code="a">Avraham ben &#x2BB;Alon,</marc:subfield>
  <marc:subfield code="e">former owner.</marc:subfield>
</marc:datafield>
    <marc:datafield ind1="1" ind2=" " tag="700">
  <marc:subfield code="6">880-07</marc:subfield>
  <marc:subfield code="a">V&#x323;izman, Zakhuv Ya&#x2BB;ak&#x323;ov ben Khalifah,</marc:subfield>
  <marc:subfield code="e">former owner.</marc:subfield>
</marc:datafield>
    <marc:datafield ind1="1" ind2=" " tag="700">
  <marc:subfield code="a">Hazote, Elie,</marc:subfield>
  <marc:subfield code="e">former owner.</marc:subfield>
</marc:datafield>
    <marc:datafield ind1="2" ind2=" " tag="710">
  <marc:subfield code="a">Elis &amp; Ruth Douer Endowed Fund.</marc:subfield>
  <marc:subfield code="5">PU</marc:subfield>
</marc:datafield>
    <marc:datafield ind1="0" ind2="0" tag="773">
  <marc:subfield code="t">Elis &amp; Ruth Douer Endowed Fund.</marc:subfield>
</marc:datafield>
    <marc:datafield ind1=" " ind2=" " tag="852">
  <marc:subfield code="b">Library at the Herbert D. Katz Center for Advanced Judaic Studies</marc:subfield>
  <marc:subfield code="a">University of Pennsylvania</marc:subfield>
  <marc:subfield code="e">420 Walnut Street, Philadelphia, Pennsylvania 19106-3703.</marc:subfield>
  <marc:subfield code="j">CAJS Rar Ms 509</marc:subfield>
</marc:datafield>
    <marc:datafield ind1="4" ind2="2" tag="856">
  <marc:subfield code="3">The Elis &amp; Ruth Douer Endowed Fund Home Page</marc:subfield>
  <marc:subfield code="u">http://hdl.library.upenn.edu/1017.12/1229047</marc:subfield>
</marc:datafield>
    <marc:datafield ind1="0" ind2="0" tag="880">
  <marc:subfield code="6">245-01//r</marc:subfield>
  <marc:subfield code="a">&#x5E4;&#x5D9;&#x5D5;&#x5D8;&#x5D9;&#x5DD; &#x5DB;&#x5EA;&#x5D1; &#x5D9;&#x5D3;,</marc:subfield>
  <marc:subfield code="f">&#x5D1;&#x5E2;&#x5E8;&#x5DA; 1880.</marc:subfield>
</marc:datafield>
    <marc:datafield ind1="1" ind2="0" tag="880">
  <marc:subfield code="6">600-02//r</marc:subfield>
  <marc:subfield code="a">&#x5E0;&#x5DB;&#x5D5;&#x5DF;, &#x5D9;&#x5E6;&#x5D7;&#x5E7;,</marc:subfield>
  <marc:subfield code="e">&#x5D4;&#x5DE;&#x5D0;&#x5D4; &#x5D4;-19.</marc:subfield>
</marc:datafield>
    <marc:datafield ind1="0" ind2="0" tag="880">
  <marc:subfield code="6">600-03//r</marc:subfield>
  <marc:subfield code="a">&#x5D3;&#x5D9;&#x5D5;&#x5D0;&#x5DF;, &#x5E2;&#x5DE;&#x5E8;&#x5DD; &#x5D1;&#x5DF; &#x5D0;&#x5E4;&#x5E8;&#x5D9;&#x5DD;,</marc:subfield>
  <marc:subfield code="d">1739 or 1740-1781</marc:subfield>
</marc:datafield>
    <marc:datafield ind1="1" ind2=" " tag="880">
  <marc:subfield code="6">700-04//r</marc:subfield>
  <marc:subfield code="a">&#x5E2;&#x5DE;&#x5D0;&#x5E8;, &#x5D3;&#x5D5;&#x5D3; &#x5D0;&#x5F3;.</marc:subfield>
</marc:datafield>
    <marc:datafield ind1="0" ind2=" " tag="880">
  <marc:subfield code="6">700-05//r</marc:subfield>
  <marc:subfield code="a">&#x5DE;&#x5E1;&#x5E2;&#x5D5;&#x5D3; &#x5D7;&#x5D6;&#x5E7;.</marc:subfield>
  <marc:subfield code="t">&#x5E4;&#x5D9;&#x5D5;&#x5D8; &#x5D4;&#x5E8;&#x5E9;&#x5D1;"&#x5D9;.</marc:subfield>
</marc:datafield>
    <marc:datafield ind1="0" ind2=" " tag="880">
  <marc:subfield code="6">700-06//r</marc:subfield>
  <marc:subfield code="a">&#x5D0;&#x5D1;&#x5E8;&#x5D4;&#x5DD; &#x5D1;&#x5DF; &#x5E2;&#x5DC;&#x5D5;&#x5DF;,</marc:subfield>
  <marc:subfield code="e">&#x5D1;&#x5E2;&#x5DC;&#x5D9;&#x5DD; &#x5E7;&#x5D5;&#x5D3;&#x5DE;&#x5D9;&#x5DD;.</marc:subfield>
</marc:datafield>
    <marc:datafield ind1="1" ind2=" " tag="880">
  <marc:subfield code="6">700-07//r</marc:subfield>
  <marc:subfield code="a">&#x5D5;&#x5D9;&#x5D6;&#x5DE;&#x5D0;&#x5DF;, &#x5D9;&#x5E2;&#x5E7;&#x5D1; &#x5D6;&#x5D0;&#x5DB;&#x5D5;&#x5D1; &#x5D1;&#x5DF; &#x5DB;&#x5DC;&#x5D9;&#x5E4;&#x5D4;,</marc:subfield>
  <marc:subfield code="e">&#x5D1;&#x5E2;&#x5DC;&#x5D9;&#x5DD; &#x5E7;&#x5D5;&#x5D3;&#x5DE;&#x5D9;&#x5DD;.</marc:subfield>
</marc:datafield>
    <marc:holdings>
      <marc:holding>
        <marc:holding_id>22584439490003681</marc:holding_id>
        <marc:call_number>CAJS Rar Ms 509</marc:call_number>
        <marc:library>KatzLib</marc:library>
        <marc:location>cjsrar</marc:location>
      </marc:holding>
    </marc:holdings>
  </marc:record>
</marc:records>
